%% Saved with string encoding Unicode (UTF-8) 

@MISC{cosmos,
  TITLE = {Cosmos: A Network of Distributed Ledgers},
  AUTHOR = {Jae Kwon and Ethan Buchman},
  URL = {https://github.com/cosmos/cosmos/blob/master/WHITEPAPER.md},
  YEAR = {2016}
}

@ARTICLE{casperffg,
  author    = {Vitalik Buterin and Virgil Griffith},
  title     = {Casper the Friendly Finality Gadget},
  journal   = {CoRR},
  volume    = {abs/1710.09437},
  year      = {2017},
  url       = {http://arxiv.org/abs/1710.09437},
  archivePrefix = {arXiv},
  eprint    = {1710.09437},
  timestamp = {Thu, 02 Nov 2017 14:25:36 +0100},
  biburl    = {https://dblp.org/rec/bib/journals/corr/abs-1710-09437},
  bibsource = {dblp computer science bibliography, https://dblp.org}
}

@MISC{ethereum,
  TITLE = {Ethereum: A Secure Decentralised Generalised Transaction Ledger},
  AUTHOR = {Gavin Wood},
  URL = {http://gavwood.com/paper.pdf},
  YEAR = {2015}
}

@ARTICLE{verifiersdilemma,
  TITLE = {Demystifying incentives in the consensus computer},
  JOURNAL = {IACR Cryptology ePrint Archive},
  VOLUME = {2015},
  PAGES = {702},
  AUTHOR = {Loi Luu and Jason Teutsch and Raghav Kulkarni and Prateek Saxena},
  YEAR = 2015
}

@INPROCEEDINGS{pbft,
  AUTHOR = {Miguel Castro and Barbara Liskov and et. al},
  BOOKTITLE = {Proceedings of the Third Symposium on Operating Systems Design and Implementation},
  EDITOR = {Paul J. Leach and Margo Seltzer},
  LOCATION = {New Orleans},
  MONTH = {February},
  PAGES = {173--186},
  TITLE = {Practical Byzantine fault tolerance},
  VOLUME = {99},
  YEAR = {1999},
}

@MISC{raiden,
  TITLE = {Raiden Network},
  URL = {https://raiden.network/}
}

@MISC{plasma,
  TITLE = {Plasma: Scalable Autonomous Smart Contracts},
  AUTHOR = {Joseph Poon and Vitalik Buterin},
  URL = {https://plasma.io/plasma.pdf},
  YEAR = {2017}
}

@MISC{lightning,
  TITLE = {Lightning Network},
  AUTHOR = {Joseph Poon and Tadge Dryja},
  URL = {https://lightning.network/lightning-network-paper.pdf},
  YEAR = {2015}
}

@MISC{sidechains,
  TITLE = {Enabling Blockchain Innovations with Pegged Sidechains},
  AUTHOR = {Adam Back and Matt Corallo and Luke Dashjr and Mark Friedenbach and Gregory Maxwell and Andrew Miller and Andrew Poelstra and Jorge TimoÃÅn and Pieter Wuille},
  URL = {https://www.blockstream.com/sidechains.pdf},
  YEAR = {2014}
}

@MISC{honestobserver,
  TITLE = {A Guide to 99\% Fault Tolerant Consensus},
  AUTHOR = {Vitalik Buterin},
  URL = {https://vitalik.ca/general/2018/08/07/99_fault_tolerant.html},
  YEAR = {2018}
}

@MISC{truebit,
  TITLE = {A scalable verification solution for blockchains},
  AUTHOR = {Jason Teutsch and Christian Reitwie{\ss}ner},
  URL = {https://people.cs.uchicago.edu/~teutsch/papers/truebit.pdf},
  YEAR = {2016}
}