%% This BibTeX bibliography file was created using BibDesk.
%% https://bibdesk.sourceforge.io/

%% Created for Martin Schenck at 2018-07-17 12:11:27 +0200 


%% Saved with string encoding Unicode (UTF-8) 

@MISC{cosmos,
  TITLE = {Cosmos: A Network of Distributed Ledgers},
  AUTHOR = {Jae Kwon and Ethan Buchman},
  URL = {https://cosmos.network/docs/resources/whitepaper.html},
  YEAR = {2017}
}

@MISC{casperffg,
  TITLE = {Casper the Friendly Finality Gadget},
  AUTHOR = {Vitalik Buterin and Virgil Griffith},
  URL = {https://github.com/ethereum/research/blob/master/papers/casper-basics/casper_basics.pdf},
  YEAR = {2017}
}


@article{verifiersdilemma,
  TITLE = {Demystifying incentives in the consensus computer},
  JOURNAL = {IACR Cryptology ePrint Archive},
  VOLUME = {2015},
  PAGES = {702},
  AUTHOR = {Loi Luu and Jason Teutsch and Raghav Kulkarni and Prateek Saxena},
  YEAR = 2015
}

@INPROCEEDINGS{pbft,
  AUTHOR = {Miguel Castro and Barbara Liskov and et. al},
  BOOKTITLE = {Proceedings of the Third Symposium on Operating Systems Design and Implementation},
  EDITOR = {Paul J. Leach and Margo Seltzer},
  LOCATION = {New Orleans},
  MONTH = {February},
  PAGES = {173--186},
  TITLE = {Practical Byzantine fault tolerance},
  VOLUME = {99},
  YEAR = {1999},
}
